<?xml version="1.0" encoding="UTF-8"?><record xmlns="http://www.loc.gov/MARC21/slim" xmlns:cinclude="http://apache.org/cocoon/include/1.0" xmlns:zs="http://www.loc.gov/zing/srw/">
  <leader>00544cz  a2200157n  4500</leader>
  <controlfield tag="001">n  78006452 </controlfield>
  <controlfield tag="003">DLC</controlfield>
  <controlfield tag="005">20090305075011.0</controlfield>
  <controlfield tag="008">780217n| acannaabn          |a ana      </controlfield>
  <datafield tag="010" ind1=" " ind2=" ">
    <subfield code="a">n  78006452 </subfield>
  </datafield>
  <datafield tag="035" ind1=" " ind2=" ">
    <subfield code="a">(OCoLC)oca00142985</subfield>
  </datafield>
  <datafield tag="040" ind1=" " ind2=" ">
    <subfield code="a">DLC</subfield>
    <subfield code="b">eng</subfield>
    <subfield code="c">DLC</subfield>
    <subfield code="d">DLC</subfield>
    <subfield code="d">OCoLC</subfield>
  </datafield>
  <datafield tag="130" ind1=" " ind2="0">
    <subfield code="a">EDN</subfield>
  </datafield>
  <datafield tag="430" ind1=" " ind2="0">
    <subfield code="a">EDN magazine</subfield>
  </datafield>
  <datafield tag="670" ind1=" " ind2=" ">
    <subfield code="a">Ogdin, C. A. Microcomputer design, 1978 (a.e.)</subfield>
    <subfield code="b">pref., CIP front matter (EDN magazine; only EDN underlined)</subfield>
  </datafield>
  <datafield tag="670" ind1=" " ind2=" ">
    <subfield code="a">nuc86-89862: Designer's guide to fiber optics, c1978</subfield>
    <subfield code="b">(hdg. on MiU rept.: EDN; usage: EDN magazine)</subfield>
  </datafield>
</record>